%% This BibTeX bibliography file was created using BibDesk.
%% http://bibdesk.sourceforge.net/


%% Created for Frederick Solt at 2014-03-07 23:58:18 -0600 


%% Saved with string encoding Unicode (UTF-8) 



@article{Gelman2008,
	Author = {Gelman, Andrew},
	Date-Added = {2014-03-08 05:57:34 +0000},
	Date-Modified = {2014-03-08 05:57:42 +0000},
	Journal = {Statistics in Medicine},
	Pages = {2865-2873},
	Title = {Scaling Regression Inputs by Dividing by Two Standard Deviations},
	Volume = {27},
	Year = {2008},
	Bdsk-File-1 = {YnBsaXN0MDDUAQIDBAUGJCVYJHZlcnNpb25YJG9iamVjdHNZJGFyY2hpdmVyVCR0b3ASAAGGoKgHCBMUFRYaIVUkbnVsbNMJCgsMDxJXTlMua2V5c1pOUy5vYmplY3RzViRjbGFzc6INDoACgAOiEBGABIAFgAdccmVsYXRpdmVQYXRoWWFsaWFzRGF0YV8QMC4uLy4uLy4uLy4uLy4uL1NvdXJjZXMvRlNMaWJyYXJ5L0dlbG1hbjIwMDhhLnBkZtIXCxgZV05TLmRhdGFPEQGMAAAAAAGMAAIAAAdQbGF0aXRhAAAAAAAAAAAAAAAAAAAAAAAAAADMMMyiSCsAAACNnckPR2VsbWFuMjAwOGEucGRmAAAAAAAAAAAAAAAAAAAAAAAAAAAAAAAAAAAAAAAAAAAAAAAAAAAAAAAAAAAAAAAAAAX0eMlAqx8AAAAAAAAAAAAFAAMAAAkgAAAAAAAAAAAAAAAAAAAACUZTTGlicmFyeQAAEAAIAADMMRLyAAAAEQAIAADJQP9/AAAAAQAQAI2dyQAF8dwABcPRAAIN+QACADxQbGF0aXRhOlVzZXJzOgBmcmVkc29sdDoAU291cmNlczoARlNMaWJyYXJ5OgBHZWxtYW4yMDA4YS5wZGYADgAgAA8ARwBlAGwAbQBhAG4AMgAwADAAOABhAC4AcABkAGYADwAQAAcAUABsAGEAdABpAHQAYQASADBVc2Vycy9mcmVkc29sdC9Tb3VyY2VzL0ZTTGlicmFyeS9HZWxtYW4yMDA4YS5wZGYAEwABLwAAFQACAA///wAAgAbSGxwdHlokY2xhc3NuYW1lWCRjbGFzc2VzXU5TTXV0YWJsZURhdGGjHR8gVk5TRGF0YVhOU09iamVjdNIbHCIjXE5TRGljdGlvbmFyeaIiIF8QD05TS2V5ZWRBcmNoaXZlctEmJ1Ryb290gAEACAARABoAIwAtADIANwBAAEYATQBVAGAAZwBqAGwAbgBxAHMAdQB3AIQAjgDBAMYAzgJeAmACZQJwAnkChwKLApICmwKgAq0CsALCAsUCygAAAAAAAAIBAAAAAAAAACgAAAAAAAAAAAAAAAAAAALM}}
